% This file was created with JabRef 2.9.2.
% Encoding: UTF-8

@ARTICLE{rdw:Calkins2011,
  author = {Calkins, D.},
  title = {An Overview of RoboGames [Competitions]},
  journal = {Robotics Automation Magazine, IEEE},
  year = {2011},
  volume = {18},
  pages = {14-15},
  number = {1},
  bdsk-url-1 = {http://dx.doi.org/10.1109/MRA.2010.940146},
  date-added = {2013-07-16 22:49:36 +0000},
  date-modified = {2013-07-16 22:49:56 +0000},
  doi = {10.1109/MRA.2010.940146},
  issn = {1070-9932},
  keywords = {mobile robots;multi-robot systems;sport;Guinness Book of Records;RoboGames;United
	States;robotics competition}
}

@INPROCEEDINGS{rdw:Lu2012,
  author = {Lu, D.V. and Mead, R.},
  title = {Introducing students grades 6-12 to expressive robotics},
  booktitle = {Human-Robot Interaction (HRI), 2012 7th ACM/IEEE International Conference
	on},
  year = {2012},
  pages = {411-411},
  date-added = {2013-07-16 22:49:36 +0000},
  date-modified = {2013-07-16 22:49:49 +0000},
  issn = {2167-2121},
  keywords = {computer aided instruction;computer animation;human-robot interaction;mobile
	robots;robot programming;teaching;2011 Global Conference on Educational
	Robotics;Botball robotics competition;Expressive Robotics:Motion
	and Emotion;FIRST robotics competition;HRI;STEM-related activities;VEX
	robotics competition;human-robot interaction;iRobot Create;keyframe
	animation system;robot building;robot interactions;robot motion;robot
	programming;sociable robotics;Animation;Computer science;Conferences;Educational
	institutions;Humans;Robots;USA Councils;HRI;educational robotics;expressive
	robotics}
}

@ELECTRONIC{rdw:FLLChallenges,
  title = {FIRST Lego League Challenge},
  organization = {FIRST Lego League},
  note = {Online; accessed 16-July-2013},
  url = {http://www.firstlegoleague.org/challenge/thechallenge},
  bdsk-url-1 = {http://www.firstlegoleague.org/challenge/thechallenge},
  date-added = {2013-07-16 22:58:41 +0000},
  date-modified = {2013-07-16 22:58:41 +0000},
  owner = {rhama},
  timestamp = {2013.07.16}
}

@PERIODICAL{rdw:FIRSTAnnual2011,
  title = {FIRST Annual report},
  year = {2011},
  url = {www.usfirst.org},
  bdsk-url-1 = {www.usfirst.org},
  date-added = {2013-07-16 22:58:41 +0000},
  date-modified = {2013-07-16 22:58:41 +0000},
  owner = {rhama},
  timestamp = {2013.07.16}
}

