% This file was created with JabRef 2.9.2.
% Encoding: UTF-8

@ARTICLE{fhe:Balch2002,
  author = {Tucker Balch and Holly A. Yanco},
  title = {Ten Years of the AAAI Mobile Robot Competition and Exhibition. Looking
	Back and to the Future},
  journal = {AI Magazine},
  year = {2002},
  volume = {23},
  pages = {13--22},
  note = {[Online; accessed 16-July-2013]},
  bdsk-url-1 = {http://www.aaai.org/ojs/index.php/aimagazine/article/download/1603/1502},
  date-added = {2013-07-18 16:54:40 +0000},
  date-modified = {2013-07-18 16:54:40 +0000},
  url = {http://www.aaai.org/ojs/index.php/aimagazine/article/download/1603/1502}
}

@ELECTRONIC{fhe:RoboCupHomeRulebook2013,
  author = {Jean-Daniel Dessimoz and Peter Ford Dominey and Mohan Rajesh Elara
	and David Gossow and Dirk Holz and Luca Iocchi and Gerhard Kraetzschmar
	and Fariborz Mahmoudi and Daniele Nardi and Sven Olufs and Caleb
	Rascon and Javier Ruiz-del-Solar and Paul E. Rybski and Jesus Savage
	and Stefan Schiffer and J{\"o}rg St{\"u}ckler and Komei Sugiura and
	Tijn van der Zant and Sven Wachsmuth and Thomas Wisspeintner and
	Jiongkun Xie and Amin Yazdani},
  year = {2013},
  title = {RoboCup@Home Rulebook},
  howpublished = {\url{http://purl.org/holz/2013_rulebook.pdf}},
  organization = {RoboCup@Home league},
  note = {[Online; accessed 17-July-2013]},
  url = {http://purl.org/holz/2013_rulebook.pdf},
  bdsk-url-1 = {http://purl.org/holz/2013_rulebook.pdf},
  date-added = {2013-07-18 16:54:40 +0000},
  date-modified = {2013-07-18 16:54:40 +0000},
  owner = {fred},
  timestamp = {2013.07.17}
}

@MISC{fhe:Jacoff2009,
  author = {Adam Jacoff},
  title = {RoboCup Rescue Robot League - Progress Update and Future Directions},
  howpublished = {\url{http://www.isd.mel.nist.gov/projects/USAR/2009/RoboCupRescue_Robot_League_Overview_(2007-2008).pdf}},
  year = {2009},
  note = {[Online; accessed 17-July-2013]},
  bdsk-url-1 = {http://www.isd.mel.nist.gov/projects/USAR/2009/RoboCupRescue_Robot_League_Overview_(2007-2008).pdf},
  date-added = {2013-07-18 16:54:40 +0000},
  date-modified = {2013-07-18 16:54:40 +0000},
  owner = {fred},
  timestamp = {2013.07.17},
  url = {http://www.isd.mel.nist.gov/projects/USAR/2009/RoboCupRescue_Robot_League_Overview_(2007-2008).pdf}
}

@ARTICLE{fhe:Kitano2001,
  author = {Hiroaki Kitano and Satoshi Tadokoro},
  title = {RoboCup Rescue - A Grand Challenge for Multiagent and Intelligent
	Systems},
  journal = {AI Magazine},
  year = {2001},
  volume = {22},
  pages = {39-52},
  note = {[Online; accessed 17-July-2013]},
  bdsk-url-1 = {http://www.aaai.org/ojs/index.php/aimagazine/article/view/1542/1441},
  date-added = {2013-07-18 16:54:40 +0000},
  date-modified = {2013-07-18 16:54:40 +0000},
  owner = {fred},
  timestamp = {2013.07.17},
  url = {http://www.aaai.org/ojs/index.php/aimagazine/article/view/1542/1441}
}

@ELECTRONIC{fhe:RoboCupWorkRulebook2013,
  author = {Gerhard Kraetzschmar and Walter Nowak and Nico Hochgeschwender and
	Rainer Bischoff and Daniel Kaczor and Frederik Hegger},
  year = {2013},
  title = {RoboCup@Work Rulebook},
  howpublished = {\url{http://www.robocupatwork.org/download/rulebook-2013-06-08.pdf}},
  organization = {RoboCup@Work League},
  note = {[Online; accessed 17-July-2013]},
  url = {http://www.robocupatwork.org/download/rulebook-2013-06-08.pdf},
  bdsk-url-1 = {http://www.robocupatwork.org/download/rulebook-2013-06-08.pdf},
  date-added = {2013-07-18 16:54:40 +0000},
  date-modified = {2013-07-18 16:54:40 +0000},
  owner = {fred},
  timestamp = {2013.07.17}
}

@ELECTRONIC{fhe:RoboCupRescueRulebook2013,
  author = {J. Pellenz},
  year = {2013},
  title = {RoboCup Rescue Rulebook},
  howpublished = {\url{http://wiki.ssrrsummerschool.org/doku.php?id=rrl-rules-2013}},
  organization = {RoboCup Rescue League},
  note = {[Online; accessed 17-July-2013]},
  url = {http://wiki.ssrrsummerschool.org/doku.php?id=rrl-rules-2013},
  bdsk-url-1 = {http://wiki.ssrrsummerschool.org/doku.php?id=rrl-rules-2013},
  date-added = {2013-07-18 16:54:40 +0000},
  date-modified = {2013-07-18 16:54:40 +0000},
  owner = {fred},
  timestamp = {2013.07.17}
}

@ELECTRONIC{fhe:VisibleColorSpectrum,
  author = {Wikipedia},
  title = {Visible spectrum},
  note = {[accessed 24-Sep-2013]},
  url = {http://en.wikipedia.org/wiki/Visible_spectrum},
  owner = {fred},
  timestamp = {2013.09.24}
}

@ARTICLE{fhe:AAAI1997,
  author = {Holly A. Yanco},
  title = {The 1997 AAAI Mobile Robot Exhibition},
  journal = {AI Magazine},
  year = {1998},
  volume = {19},
  pages = {39--48},
  note = {[Online; accessed 16-July-2013]},
  bdsk-url-1 = {http://www.cs.uml.edu/~holly/publications/PDF/AIMag19-03-011.pdf},
  date-added = {2013-07-18 16:54:40 +0000},
  date-modified = {2013-07-18 16:54:40 +0000},
  url = {http://www.cs.uml.edu/~holly/publications/PDF/AIMag19-03-011.pdf}
}

@ARTICLE{fhe:Yanco1998,
  author = {Holly A. Yanco},
  title = {The 1997 AAAI Mobile Robot Exhibition},
  journal = {AI Magazine},
  year = {1998},
  volume = {19},
  pages = {39--48},
  bdsk-url-1 = {http://www.cs.uml.edu/~holly/publications/PDF/AIMag19-03-011.pdf},
  date-added = {2013-07-16 22:45:51 +0000},
  date-modified = {2013-07-16 22:46:43 +0000},
  url = {http://www.cs.uml.edu/~holly/publications/PDF/AIMag19-03-011.pdf}
}

@ELECTRONIC{fhe:baxter,
  title = {\_62965017\_baxter2.jpg},
  url = {http://news.bbcimg.co.uk/media/images/62965000/jpg/_62965017_baxter2.jpg},
  bdsk-url-1 = {http://news.bbcimg.co.uk/media/images/62965000/jpg/_62965017_baxter2.jpg},
  date-added = {2013-07-19 14:29:56 +0000},
  date-modified = {2013-07-19 19:28:58 +0000},
  owner = {fred},
  timestamp = {2013.07.18}
}

@ELECTRONIC{fhe:breakfastTable,
  title = {breakfast-table.jpg},
  url = {http://www.google.de/imgres?um=1&safe=off&hl=de&biw=1615&bih=891&tbm=isch&tbnid=ZDfLghIQTpHyNM:&imgrefurl=http://www.hoteligieapalermo.com/photo-gallery/p-g-5.htm&docid=8THAg4ZzPtyIHM&imgurl=http://www.hoteligieapalermo.com/images/breakfast-table.jpg&w=678&h=450&ei=9vzoUf-mG4TP4QS2qIDgCA&zoom=1&iact=rc&dur=352&page=1&tbnh=139&tbnw=217&start=0&ndsp=42&ved=1t:429,r:1,s:0,i:83&tx=132&ty=68},
  bdsk-url-1 = {http://www.google.de/imgres?um=1&safe=off&hl=de&biw=1615&bih=891&tbm=isch&tbnid=ZDfLghIQTpHyNM:&imgrefurl=http://www.hoteligieapalermo.com/photo-gallery/p-g-5.htm&docid=8THAg4ZzPtyIHM&imgurl=http://www.hoteligieapalermo.com/images/breakfast-table.jpg&w=678&h=450&ei=9vzoUf-mG4TP4QS2qIDgCA&zoom=1&iact=rc&dur=352&page=1&tbnh=139&tbnw=217&start=0&ndsp=42&ved=1t:429,r:1,s:0,i:83&tx=132&ty=68},
  date-added = {2013-07-19 14:29:56 +0000},
  date-modified = {2013-07-19 14:29:56 +0000},
  owner = {fred},
  timestamp = {2013.07.19}
}

@ELECTRONIC{fhe:bridgeRound,
  title = {AMMERLAND\_BAD\_ZWISCHENAHN\_1\_2f1843d2-988e-40bb-ac87-64dcb8d5869a--498x337.jpg},
  url = {http://www.nwzonline.de/rf/image_online/NWZ_CMS/NWZ/2011-2013/Produktion/2012/09/17/AMMERLAND/BAD_ZWISCHENAHN_1/Bilder/AMMERLAND_BAD_ZWISCHENAHN_1_2f1843d2-988e-40bb-ac87-64dcb8d5869a--498x337.jpg},
  bdsk-url-1 = {http://www.nwzonline.de/rf/image_online/NWZ_CMS/NWZ/2011-2013/Produktion/2012/09/17/AMMERLAND/BAD_ZWISCHENAHN_1/Bilder/AMMERLAND_BAD_ZWISCHENAHN_1_2f1843d2-988e-40bb-ac87-64dcb8d5869a--498x337.jpg},
  date-added = {2013-07-19 14:29:56 +0000},
  date-modified = {2013-07-19 19:29:22 +0000},
  owner = {fred},
  timestamp = {2013.07.19}
}

@ELECTRONIC{fhe:floorTiling,
  title = {floor-tiling.jpg},
  url = {http://www.forcebeyondcapacity.com/wp-content/uploads/2012/06/floor-tiling.jpg},
  bdsk-url-1 = {http://www.forcebeyondcapacity.com/wp-content/uploads/2012/06/floor-tiling.jpg},
  date-added = {2013-07-19 14:29:56 +0000},
  date-modified = {2013-07-19 14:29:56 +0000},
  owner = {fred},
  timestamp = {2013.07.19}
}

@ELECTRONIC{fhe:greenBookshelf,
  title = {Green-Bookshelf.jpg},
  url = {http://nationalfurnituresupply.com/blog/wp-content/uploads/2012/12/Green-Bookshelf.jpg},
  bdsk-url-1 = {http://nationalfurnituresupply.com/blog/wp-content/uploads/2012/12/Green-Bookshelf.jpg},
  date-added = {2013-07-19 14:29:56 +0000},
  date-modified = {2013-07-19 14:29:56 +0000},
  owner = {fred},
  timestamp = {2013.07.19}
}

@ELECTRONIC{fhe:manLogistics,
  title = {slide04.jpg},
  url = {http://content.presentermedia.com/files/pres/00009000/9014/slide04.jpg},
  bdsk-url-1 = {http://content.presentermedia.com/files/pres/00009000/9014/slide04.jpg},
  date-added = {2013-07-19 14:29:56 +0000},
  date-modified = {2013-07-19 14:29:56 +0000},
  owner = {fred},
  timestamp = {2013.07.18}
}

@ELECTRONIC{fhe:neobotix,
  title = {http://www.neobotix-robots.com/fileadmin/files/produkte/Transportroboter/MT-400/Transportroboter-MT-400-Ansicht-A-b.jpg},
  url = {Transportroboter-MT-400-Ansicht-A-b.jpg},
  bdsk-url-1 = {Transportroboter-MT-400-Ansicht-A-b.jpg},
  date-added = {2013-07-19 14:29:56 +0000},
  date-modified = {2013-07-19 14:29:56 +0000},
  owner = {fred},
  timestamp = {2013.07.19}
}

@ELECTRONIC{fhe:painting,
  title = {senseless-bot-robot-kanno-so-takihiro-yamaguchi.jpg},
  url = {http://www.tokyoartbeat.com/tablog/entries.en/wp-content/uploads/2011/10/senseless-bot-robot-kanno-so-takihiro-yamaguchi.jpg},
  bdsk-url-1 = {http://www.tokyoartbeat.com/tablog/entries.en/wp-content/uploads/2011/10/senseless-bot-robot-kanno-so-takihiro-yamaguchi.jpg},
  date-added = {2013-07-19 14:29:56 +0000},
  date-modified = {2013-07-19 14:29:56 +0000},
  owner = {fred},
  timestamp = {2013.07.19}
}

@ELECTRONIC{fhe:silicone,
  title = {400px-771.11\_Bridge\_Joint\_Sealing\_-\_Silicone3.jpg},
  url = {http://epg.modot.org/files/thumb/9/92/771.11_Bridge_Joint_Sealing_-_Silicone3.jpg/400px-771.11_Bridge_Joint_Sealing_-_Silicone3.jpg},
  bdsk-url-1 = {http://epg.modot.org/files/thumb/9/92/771.11_Bridge_Joint_Sealing_-_Silicone3.jpg/400px-771.11_Bridge_Joint_Sealing_-_Silicone3.jpg},
  date-added = {2013-07-19 14:29:56 +0000},
  date-modified = {2013-07-19 19:26:13 +0000},
  owner = {fred},
  timestamp = {2013.07.19}
}

@ELECTRONIC{fhe:subaru1,
  title = {Subaru-cargo-photo\_1.jpg},
  url = {http://www.plasticpals.com/http://www.plasticpals.com/wp-content/uploads//2009/10/Subaru-cargo-photo_1.jpg},
  bdsk-url-1 = {http://www.plasticpals.com/http://www.plasticpals.com/wp-content/uploads//2009/10/Subaru-cargo-photo_1.jpg},
  date-added = {2013-07-19 14:29:56 +0000},
  date-modified = {2013-07-19 21:10:40 +0000},
  owner = {fred},
  timestamp = {2013.07.19}
}

@ELECTRONIC{fhe:subaru2,
  title = {Subaru-cargo-photo\_2.jpg},
  url = {http://www.plasticpals.com/http://www.plasticpals.com/wp-content/uploads//2009/10/Subaru-cargo-photo_2.jpg},
  bdsk-url-1 = {http://www.plasticpals.com/http://www.plasticpals.com/wp-content/uploads//2009/10/Subaru-cargo-photo_2.jpg},
  date-added = {2013-07-19 14:29:56 +0000},
  date-modified = {2013-07-19 21:10:50 +0000},
  owner = {fred},
  timestamp = {2013.07.19}
}

@ELECTRONIC{fhe:teaParty,
  title = {tea-party-whole-table2.jpg},
  url = {http://onecharmingparty.com/wordpress/wp-content/uploads/2009/09/tea-party-whole-table2.jpg},
  bdsk-url-1 = {http://onecharmingparty.com/wordpress/wp-content/uploads/2009/09/tea-party-whole-table2.jpg},
  date-added = {2013-07-19 14:29:56 +0000},
  date-modified = {2013-07-19 14:29:56 +0000},
  owner = {fred},
  timestamp = {2013.07.19}
}

@ELECTRONIC{fhe:tecnaliaRobot,
  title = {FactorOfFuture.jpg},
  url = {http://www.ros.org/news/2013/01/29/FactorOfFuture.jpg},
  bdsk-url-1 = {http://www.ros.org/news/2013/01/29/FactorOfFuture.jpg},
  date-added = {2013-07-19 14:29:56 +0000},
  date-modified = {2013-07-19 14:29:56 +0000},
  owner = {fred},
  timestamp = {2013.07.18}
}

@ELECTRONIC{fhe:tumKitchenRobots,
  title = {robots\_top.png},
  url = {http://asset2.cbsistatic.com/cnwk.1d/i/tim/2011/06/13/robots_top.png},
  bdsk-url-1 = {http://asset2.cbsistatic.com/cnwk.1d/i/tim/2011/06/13/robots_top.png},
  date-added = {2013-07-19 14:29:56 +0000},
  date-modified = {2013-07-19 19:26:24 +0000},
  owner = {fred},
  timestamp = {2013.07.19}
}

@ELECTRONIC{fhe:RoboCup2013,
  year = {2013},
  title = {A Brief History of RoboCup},
  howpublished = {\url{http://www.robocup.org/about-robocup/a-brief-history-of-robocup/}},
  organization = {The Robocup Federation},
  note = {[Online; accessed 16-July-2013]},
  url = {http://www.robocup.org/about-robocup/a-brief-history-of-robocup/},
  bdsk-url-1 = {http://www.robocup.org/about-robocup/a-brief-history-of-robocup/},
  date-added = {2013-07-18 16:54:40 +0000},
  date-modified = {2013-07-18 16:54:40 +0000}
}

@ELECTRONIC{fhe:RoboCupHome2013,
  year = {2013},
  title = {RoboCup@Home Website},
  howpublished = {\url{http://www.robocupathome.org/}},
  organization = {RoboCup@Home League},
  note = {[Online; accessed 16-July-2013]},
  url = {http://www.robocupathome.org/},
  bdsk-url-1 = {http://www.robocupathome.org/},
  date-added = {2013-07-18 16:54:40 +0000},
  date-modified = {2013-07-18 16:54:40 +0000},
  owner = {fred},
  timestamp = {2013.07.17}
}

@ELECTRONIC{fhe:RoboCupLogistics2013,
  year = {2013},
  title = {RoboCup Logistics League Website},
  howpublished = {\url{http://www.robocup-logistics.org/}},
  organization = {RoboCup Logistics League League},
  note = {[Online; accessed 17-July-2013]},
  url = {http://www.robocup-logistics.org/},
  bdsk-url-1 = {http://www.robocup-logistics.org/},
  date-added = {2013-07-18 16:54:40 +0000},
  date-modified = {2013-07-18 16:54:40 +0000},
  owner = {fred},
  timestamp = {2013.07.17}
}

@ELECTRONIC{fhe:RoboCupLogisticsRulebook2013,
  year = {2013},
  title = {RoboCup Logistics Rulebook},
  howpublished = {\url{http://www.robocup-logistics.org/rules/rulebook2013.pdf?attredirects=0&d=1}},
  organization = {RoboCup Logistics League},
  note = {[Online; accessed 17-July-2013]},
  url = {http://www.robocup-logistics.org/rules/rulebook2013.pdf?attredirects=0&d=1},
  bdsk-url-1 = {http://www.robocup-logistics.org/rules/rulebook2013.pdf?attredirects=0&d=1},
  date-added = {2013-07-18 16:54:40 +0000},
  date-modified = {2013-07-18 16:54:40 +0000},
  owner = {fred},
  timestamp = {2013.07.17}
}

@ELECTRONIC{fhe:RoboCupRescue2013,
  year = {2013},
  title = {RoboCup Rescue Website},
  howpublished = {\url{http://www.robocuprescue.org/}},
  organization = {RoboCup Rescue League},
  note = {[Online; accessed 17-July-2013]},
  url = {http://www.robocuprescue.org/},
  bdsk-url-1 = {http://www.robocuprescue.org/},
  date-added = {2013-07-18 16:54:40 +0000},
  date-modified = {2013-07-18 16:54:40 +0000},
  owner = {fred},
  timestamp = {2013.07.17}
}

@ELECTRONIC{fhe:RoboCupRescueFields2013,
  year = {2013},
  title = {RoboCup Rescue Field Descriptions},
  howpublished = {\url{http://dl.dropboxusercontent.com/u/21976613/Detailed%20FIELD%20DESCRIPTION.pdf}},
  organization = {RoboCup Rescue League},
  note = {[Online; accessed 17-July-2013]},
  url = {http://dl.dropboxusercontent.com/u/21976613/Detailed%20FIELD%20DESCRIPTION.pdf},
  bdsk-url-1 = {http://dl.dropboxusercontent.com/u/21976613/Detailed%20FIELD%20DESCRIPTION.pdf},
  date-added = {2013-07-18 16:54:40 +0000},
  date-modified = {2013-07-18 16:54:40 +0000},
  owner = {fred},
  timestamp = {2013.07.17}
}

@ELECTRONIC{fhe:RoboCupWork2013,
  year = {2013},
  title = {RoboCup@Work Website},
  howpublished = {\url{http://www.robocupatwork.org/}},
  organization = {RoboCup@Work League},
  note = {[Online; accessed 17-July-2013]},
  url = {http://www.robocupatwork.org},
  bdsk-url-1 = {http://www.robocupatwork.org},
  date-added = {2013-07-18 16:54:40 +0000},
  date-modified = {2013-07-18 16:54:40 +0000},
  owner = {fred},
  timestamp = {2013.07.17}
}

@ELECTRONIC{fhe:AAAI2008,
  year = {2008},
  title = {AAAI-08 Chicago},
  howpublished = {\url{http://www.aaai.org/Conferences/AAAI/aaai08.php}},
  organization = {Association for the Advancement of Artificial Intelligence},
  note = {[Online; accessed 16-July-2013]},
  url = {http://www.aaai.org/Conferences/AAAI/aaai08.php},
  bdsk-url-1 = {http://www.aaai.org/Conferences/AAAI/aaai08.php},
  date-added = {2013-07-18 16:54:40 +0000},
  date-modified = {2013-07-18 16:54:40 +0000}
}

@MISC{fhe:AAAI2007,
  title = {Call for Participation: Sixteenth Annual AAAI Mobile Robot Competition
	and Exhibition},
  howpublished = {\url{http://www.aaai.org/Conferences/AAAI/2007/aaai07robotcall.pdf}},
  year = {2007},
  note = {[Online; accessed 16-July-2013]},
  bdsk-url-1 = {http://www.aaai.org/Conferences/AAAI/2007/aaai07robotcall.pdf},
  date-added = {2013-07-18 16:54:40 +0000},
  date-modified = {2013-07-18 16:54:40 +0000},
  url = {http://www.aaai.org/Conferences/AAAI/2007/aaai07robotcall.pdf}
}

@MISC{fhe:AAAI2006,
  title = {Call for Participation: Fifteenth Annual AAAI Mobile Robot Competition
	\& Exhibition},
  howpublished = {\url{http://www.aaai.org/Conferences/AAAI/2006/aaai06robotcall.pdf}},
  year = {2006},
  note = {[Online; accessed 16-July-2013]},
  bdsk-url-1 = {http://www.aaai.org/Conferences/AAAI/2006/aaai06robotcall.pdf},
  date-added = {2013-07-16 22:45:51 +0000},
  date-modified = {2013-07-16 22:47:28 +0000},
  url = {http://www.aaai.org/Conferences/AAAI/2006/aaai06robotcall.pdf}
}

@ELECTRONIC{fhe:AAAI2006:HRIE,
  year = {2006},
  title = {AAAI 2006 Human-Robot Interaction Event},
  howpublished = {\url{http://web.archive.org/web/20060719124435/http://www.nd.edu/~mscheutz/humanrobotinteraction.html}},
  organization = {The American Association for Artifical Intelligence},
  note = {[Online; accessed 17-July-2013]},
  url = {http://web.archive.org/web/20060719124435/http://www.nd.edu/~mscheutz/humanrobotinteraction.html},
  bdsk-url-1 = {http://web.archive.org/web/20060719124435/http://www.nd.edu/~mscheutz/humanrobotinteraction.html},
  date-added = {2013-07-18 16:54:40 +0000},
  date-modified = {2013-07-20 10:27:18 +0000},
  owner = {fred},
  timestamp = {2013.07.17}
}

@ELECTRONIC{fhe:AAAI2006:SHE,
  year = {2006},
  title = {AAAI 2006 Scavenger Hunt Event},
  howpublished = {\url{http://web.archive.org/web/20060506031138/http://www.cs.hmc.edu/~dodds/aaai06/}},
  organization = {The American Association for Artifical Intelligence},
  note = {[Online; accessed 17-July-2013]},
  url = {http://web.archive.org/web/20060506031138/http://www.cs.hmc.edu/~dodds/aaai06/},
  bdsk-url-1 = {http://web.archive.org/web/20060506031138/http://www.cs.hmc.edu/~dodds/aaai06/},
  date-added = {2013-07-18 16:54:40 +0000},
  date-modified = {2013-07-20 10:27:35 +0000},
  owner = {fred},
  timestamp = {2013.07.17}
}

@ELECTRONIC{fhe:AAAI2005:OIE,
  year = {2005},
  title = {AAAI 2005 Open Interaction Event},
  howpublished = {\url{http://web.archive.org/web/20060716105002/http://palantir.swarthmore.edu/aaai05/openInteraction.htm}},
  organization = {The American Association for Artifical Intelligence},
  note = {[Online; accessed 17-July-2013]},
  url = {http://web.archive.org/web/20060716105002/http://palantir.swarthmore.edu/aaai05/openInteraction.htm},
  bdsk-url-1 = {http://web.archive.org/web/20060716105002/http://palantir.swarthmore.edu/aaai05/openInteraction.htm},
  date-added = {2013-07-18 16:54:40 +0000},
  date-modified = {2013-07-20 10:26:42 +0000},
  owner = {fred},
  timestamp = {2013.07.17}
}

@ELECTRONIC{fhe:AAAI2005:RCE,
  year = {2005},
  title = {AAAI 2005 Robot Challenge Event},
  howpublished = {\url{http://web.archive.org/web/20060716104948/http://palantir.swarthmore.edu/aaai05/robotChallenge.htm}},
  organization = {The American Association for Artifical Intelligence},
  note = {[Online; accessed 17-July-2013]},
  url = {http://web.archive.org/web/20060716104948/http://palantir.swarthmore.edu/aaai05/robotChallenge.htm},
  bdsk-url-1 = {http://web.archive.org/web/20060716104948/http://palantir.swarthmore.edu/aaai05/robotChallenge.htm},
  date-added = {2013-07-18 16:54:40 +0000},
  date-modified = {2013-07-20 10:27:04 +0000},
  owner = {fred},
  timestamp = {2013.07.17}
}

@ELECTRONIC{fhe:AAAI2005:Results,
  year = {2005},
  title = {Fourteenth Annual Mobile Robot Competition and Exhibition: Results
	and Awards},
  howpublished = {\url{http://web.archive.org/web/20060717204415/http://palantir.swarthmore.edu/aaai05/index.htm}},
  organization = {The American Association for Artifical Intelligence},
  note = {[Online; accessed 16-July-2013]},
  url = {http://web.archive.org/web/20060717204415/http://palantir.swarthmore.edu/aaai05/index.htm},
  bdsk-url-1 = {http://web.archive.org/web/20060717204415/http://palantir.swarthmore.edu/aaai05/index.htm},
  date-added = {2013-07-18 16:54:40 +0000},
  date-modified = {2013-07-20 10:26:57 +0000},
  owner = {fred},
  timestamp = {2013.07.17}
}

@ELECTRONIC{fhe:AAAI1999,
  year = {1999},
  title = {Eight Annual Mobile Robot Competition and Exhibition: Results and
	Awards},
  howpublished = {\url{http://web.archive.org/web/20010419184104/http://www.aic.nrl.navy.mil/~schultz/aaai99/awards.html}},
  organization = {The American Association for Artifical Intelligence},
  note = {[Online; accessed 17-July-2013]},
  url = {http://web.archive.org/web/20010419184104/http://www.aic.nrl.navy.mil/~schultz/aaai99/awards.html},
  bdsk-url-1 = {http://web.archive.org/web/20010419184104/http://www.aic.nrl.navy.mil/~schultz/aaai99/awards.html},
  date-added = {2013-07-18 16:54:40 +0000},
  date-modified = {2013-07-18 16:54:40 +0000},
  owner = {fred},
  timestamp = {2013.07.17}
}

@MISC{fhe:AAAI1998,
  title = {Seventh Annual Mobile Robot Competition and Exhibition: Results and
	Awards},
  howpublished = {\url{http://www.aaai.org/Conferences/AAAI/1998/aaai98robotwinners.pdf}},
  year = {1998},
  note = {[Online; accessed 16-July-2013]},
  bdsk-url-1 = {http://www.aaai.org/Conferences/AAAI/1998/aaai98robotwinners.pdf},
  date-added = {2013-07-18 16:54:40 +0000},
  date-modified = {2013-07-18 16:54:40 +0000},
  url = {http://www.aaai.org/Conferences/AAAI/1998/aaai98robotwinners.pdf}
}

@MISC{fhe:AAAI1998:cfp,
  title = {Call for Participation: Seventh Annual Mobile Robot Competition and
	Exhibition},
  howpublished = {\url{http://www.aaai.org/Conferences/AAAI/1998/aaai98robotwinners.pdf}},
  year = {1998},
  note = {[Online; accessed 16-July-2013]},
  bdsk-url-1 = {http://www.aaai.org/Conferences/AAAI/1998/aaai98robotwinners.pdf},
  date-added = {2013-07-16 22:45:51 +0000},
  date-modified = {2013-07-18 16:55:43 +0000},
  url = {http://www.aaai.org/Conferences/AAAI/1998/aaai98robotwinners.pdf}
}

