% This file was created with JabRef 2.9.2.
% Encoding: UTF-8

@ELECTRONIC{ssc:RoboticsChallenge2012,
  author = {Defense Advanced Research Projects Agency},
  year = {2013},
  title = {DARPA Robotics Challenge},
  howpublished = {\url{http://www.theroboticschallenge.org/aboutprogram.aspx}},
  note = {[Online; accessed 16-July-2013]},
  url = {http://www.theroboticschallenge.org/aboutprogram.aspx},
  bdsk-url-1 = {http://www.theroboticschallenge.org/aboutprogram.aspx},
  date-added = {2013-07-18 17:08:35 +0000},
  date-modified = {2013-07-18 17:08:35 +0000}
}

@MISC{ssc:RoboticsChallenge2013Rules,
  author = {Defense Advanced Research Projects Agency},
  title = {Virtual Robotics Challenge Rules. Release 2 on March 30, 2013. DISTAR
	Case 21064},
  howpublished = {\url{http://www.theroboticschallenge.org/local/documents/VRC%20Rules%20Release%202%20DISTAR%20Case%2021064.pdf}},
  year = {2013},
  bdsk-url-1 = {http://www.theroboticschallenge.org/local/documents/VRC%20Rules%20Release%202%20DISTAR%20Case%2021064.pdf},
  date-added = {2013-07-18 17:08:35 +0000},
  date-modified = {2013-07-18 17:08:35 +0000},
  url = {http://www.theroboticschallenge.org/local/documents/VRC%20Rules%20Release%202%20DISTAR%20Case%2021064.pdf}
}

@ELECTRONIC{ssc:GrandChallenge2005Overview,
  author = {Defense Advanced Research Projects Agency},
  year = {2007},
  title = {DARPA Grand Challenge '05. Overview},
  howpublished = {\url{http://archive.darpa.mil/grandchallenge05/overview.html}},
  organization = {Defense Advanced Research Projects Agency},
  note = {[Online; accessed 16-July-2013]},
  url = {http://archive.darpa.mil/grandchallenge05/overview.html},
  bdsk-url-1 = {http://archive.darpa.mil/grandchallenge05/overview.html},
  date-added = {2013-07-18 17:08:35 +0000},
  date-modified = {2013-07-18 17:08:35 +0000}
}

@ELECTRONIC{ssc:GrandChallenge2007,
  author = {Defense Advanced Research Projects Agency},
  year = {2007},
  title = {DARPA Urban Challenge. Welcome},
  howpublished = {[Online; accessed 16-July-2013]},
  organization = {Defense Advanced Research Projects Agency},
  url = {http://archive.darpa.mil/grandchallenge/},
  bdsk-url-1 = {http://archive.darpa.mil/grandchallenge/},
  date-added = {2013-07-18 17:08:35 +0000},
  date-modified = {2013-07-18 17:08:35 +0000}
}

@MISC{ssc:GrandChallenge2007Rules,
  author = {Defense Advanced Research Projects Agency},
  title = {Urban Challenge - Rules},
  howpublished = {\url{http://archive.darpa.mil/grandchallenge/docs/Urban_Challenge_Rules_102707.pdf}},
  year = {2007},
  bdsk-url-1 = {http://archive.darpa.mil/grandchallenge/docs/Urban_Challenge_Rules_102707.pdf},
  date-added = {2013-07-18 17:08:35 +0000},
  date-modified = {2013-07-18 17:08:35 +0000},
  url = {http://archive.darpa.mil/grandchallenge/docs/Urban_Challenge_Rules_102707.pdf}
}

@ELECTRONIC{ssc:GrandChallenge2007Schedule,
  author = {Defense Advanced Research Projects Agency},
  year = {2007},
  title = {Schedule},
  howpublished = {\url{http://archive.darpa.mil/grandchallenge/schedule.asp}},
  organization = {Defense Advanced Research Projects Agency},
  note = {[Online; accessed 16-July-2013]},
  url = {http://archive.darpa.mil/grandchallenge/schedule.asp},
  bdsk-url-1 = {http://archive.darpa.mil/grandchallenge/schedule.asp},
  date-added = {2013-07-18 17:08:35 +0000},
  date-modified = {2013-07-18 17:08:35 +0000}
}

@MISC{ssc:GrandChallenge2007Criteria,
  author = {Defense Advanced Research Projects Agency},
  title = {Urban Challenge - Technical Evaluation Criteria},
  howpublished = {\url{http://archive.darpa.mil/grandchallenge/docs/Technical_Evaluation_Criteria_031607.pdf}},
  year = {2006},
  bdsk-url-1 = {http://archive.darpa.mil/grandchallenge/docs/Technical_Evaluation_Criteria_031607.pdf},
  date-added = {2013-07-18 17:08:35 +0000},
  date-modified = {2013-07-18 17:08:35 +0000},
  url = {http://archive.darpa.mil/grandchallenge/docs/Technical_Evaluation_Criteria_031607.pdf}
}

@ELECTRONIC{ssc:GrandChallenge2004,
  author = {Defense Advanced Research Projects Agency},
  year = {2004},
  title = {Grand Challenge Overview},
  organization = {Defense Advanced Research Projects Agency},
  note = {[Online; accessed 16-July-2013]},
  url = {http://archive.darpa.mil/grandchallenge04/},
  bdsk-url-1 = {http://archive.darpa.mil/grandchallenge04/},
  date-added = {2013-07-18 17:08:35 +0000},
  date-modified = {2013-07-18 17:08:35 +0000}
}

@MISC{ssc:GrandChallenge2004Brochure,
  author = {Defense Advanced Research Projects Agency},
  title = {The DARPA Grand Challenge. A Historic Demonstration of Autonomous
	Robotic Vehicles},
  howpublished = {\url{http://archive.darpa.mil/grandchallenge04/sponsor_toolkit/brochure.pdf}},
  year = {2004},
  note = {[Online; accessed 16-July-2013]},
  bdsk-url-1 = {http://archive.darpa.mil/grandchallenge04/sponsor_toolkit/brochure.pdf},
  date-added = {2013-07-18 17:08:35 +0000},
  date-modified = {2013-07-18 17:08:35 +0000},
  url = {http://archive.darpa.mil/grandchallenge04/sponsor_toolkit/brochure.pdf}
}

@ELECTRONIC{ssc:GrandChallenge2004Overview,
  author = {Defense Advanced Research Projects Agency},
  year = {2004},
  title = {DARPA Grand Challenge - Defense Advanced Research Projects Agency},
  organization = {Defense Advanced Research Projects Agency},
  note = {[Online; accessed 16-July-2013]},
  url = {http://archive.darpa.mil/grandchallenge04/overview_pres.pdf},
  bdsk-url-1 = {http://archive.darpa.mil/grandchallenge04/overview_pres.pdf},
  date-added = {2013-07-18 17:08:35 +0000},
  date-modified = {2013-07-18 17:08:35 +0000}
}

@MISC{ssc:GrandChallenge2004Rules,
  author = {Defense Advanced Research Projects Agency},
  title = {Grand Challenge Rules},
  howpublished = {\url{http://web.archive.org/web/20040516171932/http://www.darpa.mil/GrandChallenge/rules.pdf}},
  year = {2004},
  bdsk-url-1 = {http://web.archive.org/web/20040516171932/http://www.darpa.mil/GrandChallenge/rules.pdf},
  date-added = {2013-07-18 17:08:35 +0000},
  date-modified = {2013-07-18 17:08:35 +0000},
  url = {http://web.archive.org/web/20040516171932/http://www.darpa.mil/GrandChallenge/rules.pdf}
}

@ELECTRONIC{ssc:GrandChallenge2004Schedule,
  author = {Defense Advanced Research Projects Agency},
  year = {2004},
  title = {Grand Challenge Schedule/Events},
  howpublished = {\url{http://archive.darpa.mil/grandchallenge04/schedule.html}},
  organization = {Defense Advanced Research Projects Agency},
  note = {[Online; accessed 16-July-2013]},
  url = {http://archive.darpa.mil/grandchallenge04/schedule.html},
  bdsk-url-1 = {http://archive.darpa.mil/grandchallenge04/schedule.html},
  date-added = {2013-07-18 17:08:35 +0000},
  date-modified = {2013-07-18 17:08:35 +0000}
}

@MISC{ssc:GrandChallenge2005Rules,
  author = {Defense Advanced Research Projects Agency},
  title = {DARPA Grand Challenge 2005 - Rules},
  howpublished = {\url{http://archive.darpa.mil/grandchallenge05/Rules_8oct04.pdf}},
  year = {2004},
  bdsk-url-1 = {http://archive.darpa.mil/grandchallenge05/Rules_8oct04.pdf},
  date-added = {2013-07-18 17:08:35 +0000},
  date-modified = {2013-07-18 17:08:35 +0000},
  url = {http://archive.darpa.mil/grandchallenge05/Rules_8oct04.pdf}
}

@ELECTRONIC{ssc:CaliforniaStateUniversityLibrary2012,
  author = {California State University, Fullerton},
  year = {2012},
  title = {Department of Philosophy - Department Library},
  howpublished = {\url{http://philosophy.fullerton.edu/images/2012/Department%20Library%202.JPG}},
  organization = {California State University, Fullerton},
  note = {[Online, accessed 18-07-2013]},
  url = {http://philosophy.fullerton.edu/images/2012/Department%20Library%202.JPG},
  bdsk-url-1 = {http://philosophy.fullerton.edu/images/2012/Department%20Library%202.JPG},
  date-added = {2013-07-19 12:56:15 +0000},
  date-modified = {2013-07-19 12:56:15 +0000}
}

@ELECTRONIC{ssc:MobileManipulationChallenge2013,
  author = {Sachin Chitta},
  year = {2013},
  title = {The ICRA 2013 Mobile Manipulation Challenge},
  howpublished = {\url{http://mobilemanipulationchallenge.org/}},
  note = {[Online; accessed 16-July-2013]},
  url = {http://mobilemanipulationchallenge.org/},
  bdsk-url-1 = {http://mobilemanipulationchallenge.org/},
  date-added = {2013-07-18 17:08:35 +0000},
  date-modified = {2013-07-18 17:08:35 +0000}
}

@ELECTRONIC{ssc:VacuumContest2002Rules,
  author = {Atlanta Hobby Robot Club},
  year = {2002},
  title = {Vacuum Contest - Robot Rally 2002},
  howpublished = {\url{http://www.botlanta.org/Rally/vac_rules.html}},
  organization = {Atlanta Hobby Robotics Club},
  note = {[Online; accessed 17-July-2013]},
  url = {http://www.botlanta.org/Rally/vac_rules.html},
  bdsk-url-1 = {http://www.botlanta.org/Rally/vac_rules.html},
  date-added = {2013-07-18 17:08:35 +0000},
  date-modified = {2013-07-18 17:08:35 +0000}
}

@ELECTRONIC{ssc:Coetzee2011,
  author = {Derrick Coetzee},
  year = {2011},
  title = {File:Closeup of robotic arm in StorageTek tape library at NERSC (1).jpg},
  howpublished = {\url{http://commons.wikimedia.org/wiki/File:Closeup_of_robotic_arm_in_StorageTek_tape_library_at_NERSC_%281%29.jpg}},
  note = {[Online, accessed 18-07-2013]},
  url = {http://commons.wikimedia.org/wiki/File:Closeup_of_robotic_arm_in_StorageTek_tape_library_at_NERSC_%281%29.jpg},
  bdsk-url-1 = {http://commons.wikimedia.org/wiki/File:Closeup_of_robotic_arm_in_StorageTek_tape_library_at_NERSC_%281%29.jpg},
  date-added = {2013-07-19 12:56:15 +0000},
  date-modified = {2013-07-19 12:56:15 +0000}
}

@ELECTRONIC{ssc:SteacieLibrary2008,
  author = {Wikipedia: The Free Encyclopedia. Wikimedia Foundation Inc.},
  year = {2008},
  title = {File:SteacieLibrary.jpg.},
  howpublished = {\url{http://commons.wikimedia.org/wiki/File:SteacieLibrary.jpg}},
  note = {[Online, accessed 18-07-2013]},
  url = {http://commons.wikimedia.org/wiki/File:SteacieLibrary.jpg},
  bdsk-url-1 = {http://commons.wikimedia.org/wiki/File:SteacieLibrary.jpg},
  date-added = {2013-07-19 12:56:15 +0000},
  date-modified = {2013-07-19 12:56:15 +0000}
}

@MISC{ssc:Jacoff2013,
  author = {Adam Jacoff and Raymond Sheh and Ann Virts and Dave Schmitt and Andy
	Moore and John Quinby and Jim Pippine},
  title = {DARPA Robotics Challenge - DRC Trials 2013 - Initial Task Descriptions},
  howpublished = {\url{http://www.theroboticschallenge.org/local/documents/DRC%20Trials%20Initial%20Task%20Descriptions%20DISTAR%20Case%2021473.pdf}},
  year = {2013},
  bdsk-url-1 = {http://www.theroboticschallenge.org/local/documents/DRC%20Trials%20Initial%20Task%20Descriptions%20DISTAR%20Case%2021473.pdf},
  date-added = {2013-07-18 17:08:35 +0000},
  date-modified = {2013-07-18 17:08:35 +0000},
  url = {http://www.theroboticschallenge.org/local/documents/DRC%20Trials%20Initial%20Task%20Descriptions%20DISTAR%20Case%2021473.pdf}
}

@ELECTRONIC{ssc:DiamondLogistics2006,
  author = {Diamond Logistics},
  year = {2006},
  title = {Parcels on conveyor belt},
  howpublished = {\url{http://www.diamondlogistics.co.uk/wp-content/uploads/2012/05/parcels-on-conveyor-belt.jpg}},
  organization = {Diamond Logistics},
  note = {[Online, accessed 18-07-2013]},
  url = {http://www.diamondlogistics.co.uk/wp-content/uploads/2012/05/parcels-on-conveyor-belt.jpg},
  bdsk-url-1 = {http://www.diamondlogistics.co.uk/wp-content/uploads/2012/05/parcels-on-conveyor-belt.jpg},
  date-added = {2013-07-19 14:04:18 +0000},
  date-modified = {2013-07-19 14:04:18 +0000}
}

@INPROCEEDINGS{ssc:Morales2007,
  author = {Morales, Antonio and Prats, Mario and Sanz, Pedro and Pobil, Angel
	P.},
  title = {An Experiment in the Use of Manipulation Primitives and Tactile Perception
	for Reactive Grasping},
  booktitle = {Robotics: Science and Systems (RSS). Workshop on Robot Manipulation:
	Sensing and Adapting to the Real World},
  year = {2007},
  abstract = {Uncertainty is one of the main problems that have to deal robot manipulation
	systems in service environments. In this paper we propose a theoretical
	framework to program manipulation actions, that makes use of a priori
	defined manipulation primitives and sensory feedback to face uncertainty
	in the execution. It also takes into account the limitation of the
	robot gripper and the reactive execution of such actions. We describe
	the role of different sensory data in such scheme.
	
	Finally, a practical implementation of a manipulation primitive is
	presented which follows the principles of the theoretical framework.
	The task is the is the extraction of books from a bookshelf, with
	the UJI service robot.},
  date-added = {2013-07-19 12:56:15 +0000},
  date-modified = {2013-07-19 12:56:15 +0000}
}

@ELECTRONIC{ssc:Nurmi2003,
  author = {Niko Nurmi},
  year = {2003},
  title = {Logistics, parcels on conveyor belts},
  howpublished = {\url{http://www.tekes.fi/imageserver/images/en_content/picture_bank/products_and_productionk/conveyorbelts_0.jpg}},
  organization = {Tekes},
  note = {[Online, accessed 18-07-2013]},
  url = {http://www.tekes.fi/imageserver/images/en_content/picture_bank/products_and_productionk/conveyorbelts_0.jpg},
  bdsk-url-1 = {http://www.tekes.fi/imageserver/images/en_content/picture_bank/products_and_productionk/conveyorbelts_0.jpg},
  date-added = {2013-07-19 14:04:18 +0000},
  date-modified = {2013-07-19 14:04:18 +0000}
}

@ELECTRONIC{ssc:Oliveira2012,
  author = {Michael Oliveira},
  year = {2012},
  title = {A package lands on the conveyer belt to be sorted after arriving
	at a FedEx facility in Toronto},
  howpublished = {\url{http://thechronicleherald.ca/sites/default/files/imagecache/ch_article_main_image/articles/B97118368Z.120121209182006000GKK1TIKV.11.jpg}},
  note = {[Online, accessed 18-07-2013]},
  url = {http://thechronicleherald.ca/sites/default/files/imagecache/ch_article_main_image/articles/B97118368Z.120121209182006000GKK1TIKV.11.jpg},
  bdsk-url-1 = {http://thechronicleherald.ca/sites/default/files/imagecache/ch_article_main_image/articles/B97118368Z.120121209182006000GKK1TIKV.11.jpg},
  date-added = {2013-07-19 14:04:18 +0000},
  date-modified = {2013-07-19 14:04:18 +0000}
}

@ELECTRONIC{ssc:Porter2006,
  author = {Michael Porter},
  year = {2006},
  title = {Bleep. Bloop. I am a library robot.},
  howpublished = {\url{http://www.flickr.com/photos/libraryman/292274709/}},
  note = {[Online, accessed 18-07-2013]. CC BY-NC-ND 2.0},
  url = {http://www.flickr.com/photos/libraryman/292274709/},
  bdsk-url-1 = {http://www.flickr.com/photos/libraryman/292274709/},
  date-added = {2013-07-19 12:56:15 +0000},
  date-modified = {2013-07-19 12:56:15 +0000}
}

@ELECTRONIC{ssc:CleaningRobotContest2002Rules,
  author = {GPS Gesellschaft f{\"u}r Produktionssysteme and Fraunhofer Institute
	for Manufacturing Engineering and Automation (IPA)},
  year = {2002},
  title = {First International Cleaning Robot Contest},
  howpublished = {\url{http://web.archive.org/web/20040623170510/http://www.service-robots.org/cleaningrobotscontest/rules_details.php}},
  organization = {GPS Gesellschaft f{\"u}r Produktionssysteme and Fraunhofer Institute
	for Manufacturing Engineering and Automation (IPA)},
  note = {[Online; accessed 17-July-2013]},
  url = {http://web.archive.org/web/20040623170510/http://www.service-robots.org/cleaningrobotscontest/rules_details.php},
  bdsk-url-1 = {http://web.archive.org/web/20040623170510/http://www.service-robots.org/cleaningrobotscontest/rules_details.php},
  date-added = {2013-07-18 17:08:35 +0000},
  date-modified = {2013-07-18 17:08:35 +0000}
}

@ELECTRONIC{ssc:Reeb2010,
  author = {Matt Reeb},
  year = {2010},
  title = {UMKC Library Robot},
  howpublished = {\url{http://media2.kshb.com//photo/2010/08/19/Photo08191338_20100819180151_640_480.JPG}},
  organization = {KSHB},
  note = {[Online, accessed 18-07-2013]},
  url = {http://media2.kshb.com//photo/2010/08/19/Photo08191338_20100819180151_640_480.JPG},
  bdsk-url-1 = {http://media2.kshb.com//photo/2010/08/19/Photo08191338_20100819180151_640_480.JPG},
  date-added = {2013-07-19 12:56:15 +0000},
  date-modified = {2013-07-19 12:56:15 +0000}
}

@ELECTRONIC{ssc:PlanetaryRoboticContingency2010,
  author = {Bill Smart and Mark Yim},
  year = {2010},
  title = {Planetary Robotic Contingency},
  howpublished = {\url{http://web.archive.org/web/20110830041817/http://icra.wustl.edu/?q=2010Contingency}},
  note = {[Online; accessed 17-July-2013]},
  url = {http://web.archive.org/web/20110830041817/http://icra.wustl.edu/?q=2010Contingency},
  bdsk-url-1 = {http://web.archive.org/web/20110830041817/http://icra.wustl.edu/?q=2010Contingency},
  date-added = {2013-07-18 17:08:35 +0000},
  date-modified = {2013-07-18 17:08:35 +0000}
}

@ELECTRONIC{ssc:GITLibrary2013,
  author = {Karnatak Law Society's Gogte Institute of Technology},
  year = {2013},
  title = {Books},
  howpublished = {\url{http://git.edu/library/images/stories/books.jpg}},
  organization = {Karnatak Law Society's Gogte Institute of Technology},
  note = {[Online, accessed 18-07-2013]},
  url = {http://git.edu/library/images/stories/books.jpg},
  bdsk-url-1 = {http://git.edu/library/images/stories/books.jpg},
  date-added = {2013-07-19 12:56:15 +0000},
  date-modified = {2013-07-19 12:56:15 +0000}
}

