%% This BibTeX bibliography file was created using BibDesk.
%% http://bibdesk.sourceforge.net/


%% Created for Gerhard Kraetzschmar at 2013-12-06 16:20:46 +0100 


%% Saved with string encoding Unicode (UTF-8) 



@electronic{wiki:illuminance,
	Author = {Anonymous},
	Date-Added = {2013-12-06 15:17:22 +0000},
	Date-Modified = {2013-12-06 15:19:53 +0000},
	Keywords = {illuminance},
	Title = {Illuminance},
	Url = {www.wikipedia.org/illuminance},
	Urldate = {Last accessed November 20, 2013}}

@electronic{gkk:redwoodRobotics,
	Author = {Evan Ackerman},
	Date-Added = {2013-07-19 19:50:30 +0000},
	Date-Modified = {2013-07-19 19:51:55 +0000},
	Title = {Redwood Robotics Brings Big Names to Next Gen Robot Arms},
	Url = {http://spectrum.ieee.org/automaton/robotics/industrial-robots/redwood-robotics-brings-big-names-to-next-gen-robot-arms},
	Urldate = {Posted May 7, 2012},
	Bdsk-Url-1 = {http://spectrum.ieee.org/automaton/robotics/industrial-robots/redwood-robotics-brings-big-names-to-next-gen-robot-arms}}

@techreport{gkk:rockin-D-1.1:2013,
	Author = {Aamir Ahmad and Iman Awaad and Francesco Amigoni and Jakob Berghofer and Rainer Bischoff and Andrea Bonarini and Rhama Dwiputra and Giulio Fontana and Frederik Hegger and Nico Hochgeschwender and Luca Iocchi and Gerhard Kraetzschmar and Pedro Lima and Matteo Matteucci and Daniele Nardi and Viola Schaffionati and Sven Schneider},
	Institution = {The RoCKIn Project (FP7-ICT-601012 grant agreement number 601012)},
	Timestamp = {2013.09.19},
	Title = {D1.1 - Specification of General Features of Scenarios and Robots for Benchmarking Through Competitions},
	Type = {Public Deliverable},
	Year = {2013}}

@article{gkk:Anderson++:2011,
	Author = {Monica Anderson and Odest Chadwick Jenkins and Sarah Osentoski},
	Date-Added = {2013-07-21 16:20:48 +0000},
	Date-Modified = {2013-07-21 16:26:10 +0000},
	Journal = {Robotics Automation Magazine, IEEE},
	Month = {June},
	Number = {2},
	Pages = {10--11},
	Title = {Recasting Robotics Challenges as Experiments},
	Volume = {18},
	Year = {2011}}

@electronic{gkk:CIG,
	Author = {anonymous},
	Date-Added = {2013-07-14 22:11:25 +0000},
	Date-Modified = {2013-07-21 09:36:16 +0000},
	Keywords = {CIG},
	Lastchecked = {July 14, 2013},
	Title = {IEEE Conference on Computational Intelligence in Games (CIG): Competitions},
	Url = {http://geneura.ugr.es/cig2012/competitions.html},
	Urldate = {http://geneura.ugr.es/cig2012/competitions.html},
	Bdsk-Url-1 = {http://geneura.ugr.es/cig2012/competitions.html}}

@electronic{gkk:ICAPScompetitions,
	Author = {anonymous},
	Date-Added = {2013-07-14 21:51:32 +0000},
	Date-Modified = {2013-07-21 09:36:48 +0000},
	Lastchecked = {July 14, 2013},
	Title = {ICAPS Competitions},
	Url = {http://www.icaps-conference.org/index.php/Main/Competitions},
	Urldate = {http://www.icaps-conference.org/index.php/Main/Competitions},
	Bdsk-Url-1 = {http://www.icaps-conference.org/index.php/Main/Competitions}}

@electronic{gkk:indianChefsUkReuters,
	Author = {anonymous},
	Date-Added = {2013-07-20 09:34:55 +0000},
	Date-Modified = {2013-07-20 09:35:56 +0000},
	Title = {Chef shortage heats up UK curry crisis},
	Url = {http://www.reuters.com/video/2013/06/03/chef-shortage-heats-up-uk-curry-crisis?videoId=243112928},
	Urldate = {Last accessed July 20, 2013},
	Bdsk-Url-1 = {http://www.reuters.com/video/2013/06/03/chef-shortage-heats-up-uk-curry-crisis?videoId=243112928}}

@electronic{gkk:PETS:2012,
	Author = {anonymous},
	Date-Added = {2013-07-14 22:19:45 +0000},
	Date-Modified = {2013-07-21 09:38:29 +0000},
	Keywords = {PETS},
	Lastchecked = {July 14, 2013},
	Title = {Fourteenth IEEE International Workshop on Performance Evaluation of Tracking and Surveillance},
	Url = {http://pets2012.net},
	Urldate = {http://pets2012.net},
	Bdsk-Url-1 = {http://pets2012.net}}

@electronic{gkk:PowerTAC,
	Author = {anonymous},
	Date-Added = {2013-07-14 21:24:40 +0000},
	Date-Modified = {2013-07-21 09:38:40 +0000},
	Keywords = {PowerTAC},
	Lastchecked = {July 14, 2013},
	Title = {Power Agent Trading Competition},
	Url = {http://www.powertac.org/node/4},
	Urldate = {http://www.powertac.org/node/4},
	Bdsk-Url-1 = {http://www.powertac.org/node/4}}

@electronic{gkk:TAC,
	Author = {anonymous},
	Date-Added = {2013-07-14 19:50:55 +0000},
	Date-Modified = {2013-07-21 09:39:05 +0000},
	Keywords = {TAC},
	Lastchecked = {July 14, 2013},
	Title = {Trading Agent Competition},
	Url = {http://tac.sics.se/page.php?id=2},
	Urldate = {http://tac.sics.se/page.php?id=2},
	Bdsk-Url-1 = {http://tac.sics.se/page.php?id=2}}

@electronic{gkk:TAC:2013,
	Author = {anonymous},
	Date-Added = {2013-07-14 18:06:18 +0000},
	Date-Modified = {2013-07-21 09:39:18 +0000},
	Keywords = {TAC},
	Lastchecked = {July 14, 2013},
	Title = {Yearly Archives 2013},
	Url = {http://tradingagents.eecs.umich.edu/2013/},
	Urldate = {http://tradingagents.eecs.umich.edu/2013/},
	Bdsk-Url-1 = {http://tradingagents.eecs.umich.edu/2013/}}

@electronic{gkk:TunedItOrg,
	Author = {anonymous},
	Date-Added = {2013-07-14 22:30:35 +0000},
	Date-Modified = {2013-07-21 09:39:49 +0000},
	Keywords = {ML benchmark},
	Lastchecked = {July 14, 2013},
	Title = {Machine Learning and Data Mining Algorithms: Automated Tests, Repeatable Experiments, Meaningful Results},
	Url = {http://tunedit.org},
	Urldate = {http://tunedit.org},
	Bdsk-Url-1 = {http://tunedit.org}}

@electronic{gkk:wiki:FigureSkating,
	Author = {anonymous},
	Date-Added = {2013-07-16 15:32:24 +0000},
	Date-Modified = {2013-07-21 09:40:42 +0000},
	Keywords = {Figure Skating},
	Lastchecked = {July 16, 2013},
	Title = {Figure Skating},
	Url = {http://en.wikipedia.org/wiki/Figure_Skating},
	Urldate = {http://en.wikipedia.org/wiki/Figure_Skating},
	Bdsk-Url-1 = {http://en.wikipedia.org/wiki/Figure_Skating}}

@techreport{gkk:COLLADA,
	Author = {Mark Barnes and Ellen Levy Finch},
	Date-Added = {2013-07-23 21:44:56 +0000},
	Date-Modified = {2013-07-23 21:48:19 +0000},
	Institution = {Sony Computer Entertainment Inc., Tokyo, Japan},
	Month = {April},
	Title = {{COLLADA} -- Digital Asset Schema Release 1.5.0},
	Type = {Specification},
	Url = {http://www.khronos.org/files/collada_spec_1_5.pdf},
	Year = {2008},
	Bdsk-Url-1 = {http://www.khronos.org/files/collada_spec_1_5.pdf}}

@phdthesis{gkk:Bienia:2011,
	Author = {Christian Bienia},
	Date-Added = {2013-07-14 17:15:51 +0000},
	Date-Modified = {2013-07-14 17:17:01 +0000},
	Keywords = {PARSEC},
	Month = {January},
	School = {Princeton University},
	Title = {Benchmarking Modern Multiprocessors},
	Year = {2011}}

@article{gkk:Cohn++:2011,
	Author = {Anthony G. Cohn and Rina Dechter and Gerhard Lakemeyer},
	Date-Added = {2013-07-21 15:54:11 +0000},
	Date-Modified = {2013-07-21 15:58:59 +0000},
	Doi = {http://dx.doi.org/10.1016/S0004-3702(11)00060-9},
	Journal = {Artificial Intelligence},
	Number = {9--10},
	Title = {The Competition Section: A New Paper Category},
	Url = {http://www.sciencedirect.com/science/article/pii/S0004370211000609},
	Volume = {175},
	Year = {2011},
	Bdsk-Url-1 = {http://www.sciencedirect.com/science/article/pii/S0004370211000609},
	Bdsk-Url-2 = {http://dx.doi.org/10.1016/S0004-3702(11)00060-9}}

@electronic{gkk:CoremarkOrg:2013,
	Author = {EEMBC Embedded Microprocessor Benchmark Consortium},
	Date-Added = {2013-07-14 17:33:53 +0000},
	Date-Modified = {2013-07-21 09:36:32 +0000},
	Keywords = {Coremark},
	Lastchecked = {July 14, 2013},
	Title = {Coremark},
	Url = {http://coremark.org},
	Urldate = {http://coremark.org},
	Bdsk-Url-1 = {http://coremark.org}}

@electronic{gkk:SPECorg:2013,
	Author = {Standard Performance Evaluation Corporation},
	Date-Added = {2013-07-14 17:29:09 +0000},
	Date-Modified = {2013-07-21 09:38:53 +0000},
	Keywords = {SPEC},
	Lastchecked = {July 14, 2013},
	Title = {SPEC's Benchmarks and Published Results},
	Url = {http://www.spec.org/benchmarks.html},
	Urldate = {http://www.spec.org/benchmarks.html},
	Bdsk-Url-1 = {http://www.spec.org/benchmarks.html}}

@article{gkk:Cumow+Wichman:76,
	Author = {Cumow, H.J. and Wichman, B.A.},
	Date-Added = {2013-07-14 16:22:18 +0000},
	Date-Modified = {2013-07-14 16:24:43 +0000},
	Journal = {Computer Journal},
	Keywords = {Whetstone},
	Number = {1},
	Pages = {43--49},
	Title = {A Synthetic Benchmark},
	Volume = {19},
	Year = {1976}}

@electronic{gkk:BioRob,
	Author = {Bionic Robotics GmbH},
	Date-Added = {2013-07-19 19:52:18 +0000},
	Date-Modified = {2013-07-19 19:54:52 +0000},
	Title = {BioRob Arm},
	Url = {http://www.bionic-robotics.de/en/company/biorob-arm.html},
	Urldate = {Last accessed July19, 2013},
	Bdsk-Url-1 = {http://www.bionic-robotics.de/en/company/biorob-arm.html}}

@electronic{gkk:indianChefsCrisisUk,
	Author = {PRI Public Radio International},
	Date-Added = {2013-07-20 09:40:38 +0000},
	Date-Modified = {2013-07-20 09:42:11 +0000},
	Title = {British cry foul over shortage of trained curry chefs in the U.K.},
	Url = {http://www.pri.org/stories/politics-society/british-cry-foul-over-shortage-of-trained-curry-chefs-in-the-u-k-7298.html},
	Urldate = {Last accessed July 20},
	Bdsk-Url-1 = {http://www.pri.org/stories/politics-society/british-cry-foul-over-shortage-of-trained-curry-chefs-in-the-u-k-7298.html}}

@electronic{gkk:NetperfOrg:2013,
	Author = {Rick Jones},
	Date-Added = {2013-07-14 17:50:23 +0000},
	Date-Modified = {2013-07-21 09:37:30 +0000},
	Keywords = {NetPerf},
	Lastchecked = {July 14, 2013},
	Title = {Netperf Homepage},
	Url = {http://www.netperf.org/netperf/},
	Urldate = {http://www.netperf.org/netperf/},
	Bdsk-Url-1 = {http://www.netperf.org/netperf/}}

@electronic{gkk:Netspec:2013,
	Author = {Roel Jonkman},
	Date-Added = {2013-07-14 17:52:04 +0000},
	Date-Modified = {2013-07-21 09:38:07 +0000},
	Keywords = {NetSpec},
	Lastchecked = {July 14, 2013},
	Title = {NetSpec: A Tool for Network Experimentation and Measurement},
	Url = {http://compnetworking.about.com/gi/o.htm?zi=1/XJ&zTi=1&sdn=compnetworking&cdn=compute&tm=469&f=00&tt=14&bt=8&bts=8&zu=http%3A//www.ittc.ku.edu/netspec/},
	Urldate = {http://compnetworking.about.com/gi/o.htm?zi=1/XJ&zTi=1&sdn=compnetworking&cdn=compute&tm=469&f=00&tt=14&bt=8&bts=8&zu=http%3A//www.ittc.ku.edu/netspec/},
	Bdsk-Url-1 = {http://compnetworking.about.com/gi/o.htm?zi=1/XJ&zTi=1&sdn=compnetworking&cdn=compute&tm=469&f=00&tt=14&bt=8&bts=8&zu=http%3A//www.ittc.ku.edu/netspec/}}

@book{gkk:Kant:92,
	Author = {Kant, K.},
	Date-Added = {2013-07-14 17:27:39 +0000},
	Date-Modified = {2013-07-14 17:28:28 +0000},
	Isbn = {9780070335868},
	Keywords = {SPEC},
	Lccn = {lc91021266},
	Publisher = {McGraw-Hill},
	Series = {McGraw-Hill computer science series},
	Title = {Introduction to computer system performance evaluation},
	Url = {http://books.google.de/books?id=Ht5QAAAAMAAJ},
	Year = {1992},
	Bdsk-Url-1 = {http://books.google.de/books?id=Ht5QAAAAMAAJ}}

@techreport{gkk:Ketter++:2011,
	Author = {Wolfgang Ketter and John Collins and Prashant P. Reddy and Christoph M. Flath},
	Date-Added = {2013-07-14 21:29:09 +0000},
	Date-Modified = {2013-07-14 21:32:39 +0000},
	Institution = {Soial Science Research Report},
	Keywords = {http://ssrn.com/abstract=1839139},
	Month = {May 17},
	Number = {Ref No ERS-2011-011-US},
	Title = {The Power Trading Agent Competition},
	Type = {ERIm Report Series},
	Year = {2011}}

@electronic{gkk:Matlis:2005,
	Author = {Jan Matlis},
	Date-Added = {2013-07-14 17:21:17 +0000},
	Date-Modified = {2013-07-21 09:37:19 +0000},
	Journal = {Computer World},
	Keywords = {LINPACK},
	Lastchecked = {July 14, 2013},
	Month = {May 30},
	Title = {Sidebar: The Linpack Benchmark},
	Url = {http://www.computerworld.com/s/article/102050/Sidebar_The_Linpack_Benchmark},
	Urldate = {http://www.computerworld.com/s/article/102050/Sidebar_The_Linpack_Benchmark},
	Year = {2005},
	Bdsk-Url-1 = {http://www.computerworld.com/s/article/102050/Sidebar_The_Linpack_Benchmark}}

@electronic{gkk:top-500-computers:2013,
	Author = {Hans Meuer and Erich Strohmaier and Jack Dongarra and Horst Simon},
	Date-Added = {2013-07-14 16:58:19 +0000},
	Date-Modified = {2013-07-21 09:39:28 +0000},
	Lastchecked = {July 14, 2013},
	Title = {Top 500 Supercomputer Sites, June 2013},
	Url = {http://www.top500.org/lists/2013/06/},
	Urldate = {http://www.top500.org/lists/2013/06/},
	Bdsk-Url-1 = {http://www.top500.org/lists/2013/06/}}

@electronic{gkk:TREC,
	Author = {NIST},
	Date-Added = {2013-07-14 22:07:56 +0000},
	Date-Modified = {2013-07-21 09:39:39 +0000},
	Keywords = {TREC},
	Lastchecked = {July 14, 2013},
	Title = {Text Retrieval Conference (TREC)},
	Url = {http://trec.nist.gov},
	Urldate = {http://trec.nist.gov},
	Bdsk-Url-1 = {http://trec.nist.gov}}

@electronic{gkk:baxter,
	Author = {Rethink Robotics},
	Date-Added = {2013-07-21 09:53:07 +0000},
	Date-Modified = {2013-07-21 09:54:33 +0000},
	Keywords = {Baxter},
	Title = {Meet your new lab partner},
	Url = {http://www.rethinkrobotics.com/files/8713/6694/8748/BRR_004.20.13.pdf},
	Urldate = {Last accessed July 21, 2013},
	Bdsk-Url-1 = {http://www.rethinkrobotics.com/files/8713/6694/8748/BRR_004.20.13.pdf}}

@electronic{gkk:UniversalRobots,
	Author = {Universal Robots},
	Date-Added = {2013-07-19 20:04:58 +0000},
	Date-Modified = {2013-07-19 20:08:04 +0000},
	Title = {Collaborative Robot Solutions},
	Url = {http://www.universal-robots.com/GB/Products.aspx},
	Urldate = {Last accessed July19},
	Bdsk-Url-1 = {http://www.universal-robots.com/GB/Products.aspx}}

@electronic{gkk:Passmark:2013,
	Author = {Passmark Software},
	Date-Added = {2013-07-14 17:56:42 +0000},
	Date-Modified = {2013-07-21 09:38:18 +0000},
	Keywords = {Passmark},
	Lastchecked = {July 14, 2013},
	Title = {Network benchmark - test your network speed},
	Url = {http://www.passmark.com/products/pt_advnet.htm},
	Urldate = {http://www.passmark.com/products/pt_advnet.htm},
	Bdsk-Url-1 = {http://www.passmark.com/products/pt_advnet.htm}}

@misc{gkk:KIVAsystems,
	Author = {Kiva Systems},
	Date-Added = {2013-07-24 00:25:29 +0000},
	Date-Modified = {2013-07-24 00:28:50 +0000},
	Howpublished = {http://www.kivasystems.com/industries/ecommerce},
	Title = {eCommerce},
	Url = {http://www.kivasystems.com},
	Urldate = {Last accessed July 20},
	Year = {2013},
	Bdsk-Url-1 = {http://www.kivasystems.com}}

@article{gkk:Thrun:2006,
	Author = {S. Thrun and M. Montemerlo and H. Dahlkamp and D. Stavens and A. Aron and J. Diebel and P. Fong and J. Gale and M. Halpenny and G. Hoffmann and K. Lau and C. Oakley and M. Palatucci and V. Pratt and P. Stang and S. Strohband and C. Dupont and L.-E. Jendrossek and C. Koelen and C. Markey and C. Rummel and J. van Niekerk and E. Jensen and P. Alessandrini and G. Bradski and B. Davies and S. Ettinger and A. Kaehler and A. Nefian and P. Mahoney},
	Date-Added = {2013-07-21 10:10:55 +0000},
	Date-Modified = {2013-07-21 10:11:07 +0000},
	Journal = {Journal of Field Robotics},
	Note = {accepted for publication},
	Title = {Winning the DARPA Grand Challenge},
	Year = {2006}}

@electronic{gkk:ISUrules,
	Author = {International Skating Union},
	Date-Added = {2013-07-16 15:29:57 +0000},
	Date-Modified = {2013-07-21 09:36:58 +0000},
	Lastchecked = {July 16, 2013},
	Title = {Summary of ISU Judging System},
	Url = {http://www.isu.org/vsite/vcontent/page/custom/0,8510,4844-152094-169310-31825-132302-custom-item,00.html},
	Urldate = {http://www.isu.org/vsite/vcontent/page/custom/0,8510,4844-152094-169310-31825-132302-custom-item,00.html},
	Bdsk-Url-1 = {http://www.isu.org/vsite/vcontent/page/custom/0,8510,4844-152094-169310-31825-132302-custom-item,00.html}}

@electronic{gkk:wiki:PARSEC,
	Author = {Princeton University},
	Date-Added = {2013-07-14 17:12:33 +0000},
	Date-Modified = {2013-07-21 09:35:36 +0000},
	Keywords = {PARSEC},
	Lastchecked = {July 14, 2013},
	Title = {PARSEC: A unit of measure},
	Url = {http://parsec.cs.princeton.edu},
	Urldate = {http://parsec.cs.princeton.edu},
	Bdsk-Url-1 = {http://parsec.cs.princeton.edu}}

@misc{gkk:Veloso+Stone:IROSvideo:2012,
	Abstract = { This video documents technical progress in four RoboCup soccer leagues
	from 1997 until 2011. The leagues represented are the small size
	league, the middle size league, the standard platform leage, and
	the humanoid league. },
	Author = {Manuela Veloso and Peter Stone},
	Booktitle = {Proceedings of IROS 2012-IEEE/RSJ International Conference on Intelligent Robots and Systems (IROS)},
	Date-Added = {2013-07-24 01:01:08 +0000},
	Date-Modified = {2013-07-24 01:01:40 +0000},
	Month = {October},
	Note = {Available from \url{http://www.robocup.org/2012/10/robocup-video-finalist-for-best-video-award-at-iros-2012/}},
	Title = {Video: RoboCup Robot Soccer History 1997 -- 2011},
	Wwwnote = {<a href="http://www.robocup.org/2012/10/robocup-video-finalist-for-best-video-award-at-iros-2012/">http://www.robocup.org/2012/10/robocup-video-finalist-for-best-video-award-at-iros-2012/</a>},
	Year = {2012}}

@article{gkk:Weicker:84,
	Author = {Reinhold Weicker},
	Date-Added = {2013-07-14 17:03:54 +0000},
	Date-Modified = {2013-07-14 17:05:39 +0000},
	Journal = {Communications of the ACM},
	Keywords = {doi:10.1145/358274.358283},
	Number = {10},
	Pages = {1013--1030},
	Title = {Dhrystone: A Synthetic Systems Programming Benchmark},
	Volume = {27},
	Year = {1984}}

@electronic{gkk:wiki:Coremark,
	Author = {Wikipedia},
	Date-Added = {2013-07-14 17:11:00 +0000},
	Date-Modified = {2013-07-21 09:40:00 +0000},
	Keywords = {Coremark},
	Lastchecked = {July 14, 2013},
	Title = {Coremark},
	Url = {http://en.wikipedia.org/wiki/Coremark},
	Urldate = {http://en.wikipedia.org/wiki/Coremark},
	Bdsk-Url-1 = {http://en.wikipedia.org/wiki/Coremark}}

@electronic{gkk:wiki:CTF,
	Author = {Wikipedia},
	Date-Added = {2013-07-14 22:02:39 +0000},
	Date-Modified = {2013-07-21 09:40:11 +0000},
	Lastchecked = {July 14, 2013},
	Title = {Capture the Flag},
	Url = {https://en.wikipedia.org/wiki/Capture_the_flag},
	Urldate = {https://en.wikipedia.org/wiki/Capture_the_flag},
	Bdsk-Url-1 = {https://en.wikipedia.org/wiki/Capture_the_flag}}

@electronic{gkk:wiki:DEFCON,
	Author = {Wikipedia},
	Date-Added = {2013-07-14 22:00:39 +0000},
	Date-Modified = {2013-07-21 09:40:21 +0000},
	Keywords = {DEF CON CTF},
	Lastchecked = {July 14, 2013},
	Title = {DEF CON},
	Url = {https://en.wikipedia.org/wiki/DEF_CON_(convention)},
	Urldate = {https://en.wikipedia.org/wiki/DEF_CON_(convention)},
	Bdsk-Url-1 = {https://en.wikipedia.org/wiki/DEF_CON_(convention)}}

@electronic{gkk:wiki:dhrystone,
	Author = {Wikipedia},
	Date-Added = {2013-07-14 17:02:22 +0000},
	Date-Modified = {2013-07-21 09:40:33 +0000},
	Keywords = {Dhrystone},
	Lastchecked = {July 14, 2014},
	Title = {Dhrystone},
	Url = {http://en.wikipedia.org/wiki/Dhrystone},
	Urldate = {http://en.wikipedia.org/wiki/Dhrystone},
	Bdsk-Url-1 = {http://en.wikipedia.org/wiki/Dhrystone}}

@electronic{gkk:wiki:LINPACK,
	Author = {Wikipedia},
	Date-Added = {2013-07-14 17:11:44 +0000},
	Date-Modified = {2013-07-21 09:40:59 +0000},
	Keywords = {LINPACK},
	Lastchecked = {July 14, 2013},
	Title = {LINPACK},
	Url = {http://en.wikipedia.org/wiki/Linpack},
	Urldate = {http://en.wikipedia.org/wiki/Linpack},
	Bdsk-Url-1 = {http://en.wikipedia.org/wiki/Linpack}}

@electronic{gkk:wiki:Netperf,
	Author = {Wikipedia},
	Date-Added = {2013-07-14 17:49:20 +0000},
	Date-Modified = {2013-07-21 09:41:10 +0000},
	Keywords = {NetPerf},
	Lastchecked = {July 14, 2013},
	Title = {Netperf},
	Url = {http://en.wikipedia.org/wiki/Netperf},
	Urldate = {http://en.wikipedia.org/wiki/Netperf},
	Bdsk-Url-1 = {http://en.wikipedia.org/wiki/Netperf}}

@electronic{gkk:wiki:SPEC,
	Author = {Wikipedia},
	Date-Added = {2013-07-14 17:09:32 +0000},
	Date-Modified = {2013-07-21 09:35:09 +0000},
	Keywords = {SPEC},
	Lastchecked = {July 14, 2013},
	Title = {Standard Performance Evaluation Corporation},
	Url = {http://en.wikipedia.org/wiki/Standard_Performance_Evaluation_Corporation},
	Urldate = {http://en.wikipedia.org/wiki/Standard_Performance_Evaluation_Corporation},
	Bdsk-Url-1 = {http://en.wikipedia.org/wiki/Standard_Performance_Evaluation_Corporation}}

@electronic{gkk:wiki:whetstone,
	Author = {Wikipedia},
	Date-Added = {2013-07-14 16:51:29 +0000},
	Date-Modified = {2013-07-21 09:35:22 +0000},
	Keywords = {Whetstone},
	Lastchecked = {July 14, 2013},
	Title = {Whetstone (benchmark)},
	Url = {http://en.wikipedia.org/wiki/Whetstone_(benchmark)},
	Urldate = {http://en.wikipedia.org/wiki/Whetstone_(benchmark)},
	Bdsk-Url-1 = {http://en.wikipedia.org/wiki/Whetstone_(benchmark)}}
