%% This BibTeX bibliography file was created using BibDesk.
%% http://bibdesk.sourceforge.net/


%% Created for Gerhard Kraetzschmar at 2014-03-13 17:57:56 +0100 


%% Saved with string encoding Unicode (UTF-8) 



@inproceedings{jbe:Bischoff:2011,
	Author = {R. Bischoff},
	Booktitle = {Presentation at IEEE ICRA Workshop ''A new generation of educational robots''},
	Title = {KUKA youBot -- a milestone for education and research in mobile manipulation},
	Year = {2011}}
