
@BOOK{Rijsbergen79,
AUTHOR    = {Van Rijsbergen, C. J.}, 
TITLE     = {Information Retrieval},
PUBLISHER = {Butterworth},
YEAR      = {1979},
Edition   = {2nd}
}
