% This file was created with JabRef 2.10b2.
% Encoding: ISO8859_1


@TechReport{rockin:D-2.1.7:2014,
  Title                    = {{Description of Ground Truth System}},
  Author                   = {Aamir Ahmad and Iman Awaad and Francesco Amigoni and Jakob Berghofer and Rainer Bischoff and Andrea Bonarini and Rhama Dwiputra and Giulio Fontana and Frederik Hegger and Nico Hochgeschwender and Luca Iocchi and Gerhard Kraetzschmar and Pedro Lima and Matteo Matteucci and Daniele Nardi and Viola Schaffionati and Sven Schneider},
  Institution              = {Politecnico di Milano, Milan, Italy},
  Year                     = {2014},
  Type                     = {Deliverable D-2.1.7 (public), The RoCKIn Project (FP7-ICT-601012 grant agreement number 601012)},

  Date-modified            = {2014-03-26 21:27:13 +0000}
}

@TechReport{rockin:D-1.1:2013,
  Title                    = {{Specification of General Features of Scenarios and Robots for Benchmarking Through Competitions}},
  Author                   = {A. Ahmad and I. Awaad and F. Amigoni and J. Berghofer and R. Bischoff and A. Bonarini and R. Dwiputra and G. Fontana and F. Hegger and N. Hochgeschwender and L. Iocchi and G. Kraetzschmar and P. U. Lima and M. Matteucci and D. Nardi and V. Schaffionati and S. Schneider},
  Institution              = {Bonn-Rhein-Sieg University oAS, Sankt Augustin, Germany},
  Year                     = {2013},
  Type                     = {Deliverable D-1.1 (public), The RoCKIn Project (FP7-ICT-601012 grant agreement number 601012)},

  Date-modified            = {2014-03-26 21:27:13 +0000}
}

@InProceedings{rockin:Amigoni++:2013,
  Title                    = {{Benchmarking Through Competitions}},
  Author                   = {F. Amigoni and A. Bonarini and G. Fontana and M. Matteucci and V. Schiaffonati},
  Booktitle                = {2nd Workshop on Robot Competitions: Benchmarking, Technology Transfer, and Education},
  Year                     = {2013}
}

@TechReport{rockin:D-2.1.4:2014nutshell,
  Title                    = {{RoCKIn@Work -- Innovation in Industrial Mobile Manipulation -- RoCKIn@Work in a Nutshell}},
  Author                   = {Jakob Berghofer and Rhama Dwiputra and Gerhard Kraetzschmar (editors) and Aamir Ahmad and Francesco Amigoni and Iman Awaad and Jakob Berghofer and Rainer Bischoff and Andrea Bonarini and Rhama Dwiputra and Fredrik Hegger and Nico Hochgeschwender and Luca Iocchi and Gerhard Kraetzschmar and Pedro Lima and Matteo Matteucci and Daniele Nardi and Sven Schneider},
  Institution              = {KUKA Laboratories GmbH, Bonn-Rhein-Sieg University of Applied Sciences},
  Year                     = {2014},

  Address                  = {Augsburg, Germany, and Sankt Augustin, Germany},
  Month                    = {March},
  Type                     = {Deliverable D-2.1.4 nutshell (public), The RoCKIn Project (FP7-ICT-601012 grant agreement number 601012)},

  Date-added               = {2014-03-26 21:39:50 +0000},
  Date-modified            = {2014-03-26 21:43:39 +0000}
}

@TechReport{rockin:D-2.1.4:2014rulebook,
  Title                    = {{RoCKIn@Work -- Innovation in Industrial Mobile Manipulation -- RoCKIn@Work Rule Book}},
  Author                   = {Jakob Berghofer and Rhama Dwiputra and Gerhard Kraetzschmar (editors) and Aamir Ahmad and Francesco Amigoni and Iman Awaad and Jakob Berghofer and Rainer Bischoff and Andrea Bonarini and Rhama Dwiputra and Fredrik Hegger and Nico Hochgeschwender and Luca Iocchi and Gerhard Kraetzschmar and Pedro Lima and Matteo Matteucci and Daniele Nardi and Sven Schneider},
  Institution              = {KUKA Laboratories GmbH, Bonn-Rhein-Sieg University of Applied Sciences},
  Year                     = {2014},

  Address                  = {Augsburg, Germany, and Sankt Augustin, Germany},
  Month                    = {March},
  Type                     = {Deliverable D-2.1.4 rule book (public), The RoCKIn Project (FP7-ICT-601012 grant agreement number 601012)},

  Date-added               = {2014-03-26 21:41:20 +0000},
  Date-modified            = {2014-03-26 21:44:05 +0000}
}

@TechReport{rockin:D-2.1.4:2013,
  Title                    = {{RoCKIn@Work -- Innovation in Industrial Mobile Manipulation -- Competition Design, Rule Book, and Scenario Construction}},
  Author                   = {Jakob Berghofer and Rhama Dwiputra and Gerhard Kraetzschmar (editors) and Aamir Ahmad and Francesco Amigoni and Iman Awaad and Jakob Berghofer and Rainer Bischoff and Andrea Bonarini and Rhama Dwiputra and Fredrik Hegger and Nico Hochgeschwender and Luca Iocchi and Gerhard Kraetzschmar and Pedro Lima and Matteo Matteucci and Daniele Nardi and Sven Schneider},
  Institution              = {KUKA Laboratories GmbH, Bonn-Rhein-Sieg University of Applied Sciences},
  Year                     = {2013},

  Address                  = {Augsburg, Germany, and Sankt Augustin, Germany},
  Month                    = {November},
  Type                     = {Deliverable D-2.1.4 (public), The RoCKIn Project (FP7-ICT-601012 grant agreement number 601012)},

  Date-modified            = {2014-03-26 21:43:02 +0000}
}

@TechReport{rockin:D-4.2:2013,
  Title                    = {{Report on Dissemination and Awareness to the Citizens -- 1st Period}},
  Author                   = {Graham Buchanan},
  Institution              = {{InnoCentive Ltd}},
  Year                     = {2013},
  Type                     = {Deliverable D-4.1 (public), The RoCKIn Project (FP7-ICT-601012 grant agreement number 601012)},

  Date-modified            = {2014-03-26 21:32:11 +0000}
}

@TechReport{rockin:D-5.1:2013,
  Title                    = {{RoCKIn Camp 2013 Report}},
  Author                   = {Luca Iocchi and Gerhard Kraetzschmar and Pedro U. Lima and Daniele Nardi and Gabriele Randelli},
  Institution              = {University of Rome "La Sapienza"},
  Year                     = {2013},
  Type                     = {Deliverable D-5.1 (public), The RoCKIn Project (FP7-ICT-601012 grant agreement number 601012)},

  Date-modified            = {2014-03-26 21:30:54 +0000}
}

@InProceedings{rockin:Lima++:2013,
  Title                    = {{RoCKIn@Home: Benchmarking Domestic Robots Through Competitions}},
  Author                   = {Pedro U. Lima and Daniele Nardi and Luca Iocchi and Gerhard Kraetzschmar and Matteo Matteucci},
  Booktitle                = {16th International Conference on Advanced Robotics (ICAR)},
  Year                     = {2013}
}

@Electronic{rockin:CFHExamples,
  Title                    = {{Central Factory Hub Tools}},
  Author                   = {{RoCKIn Project}},
  Organization             = {The RoCKIn Project (FP7-ICT-601012 grant agreement number 601012)},
  Url                      = {https://github.com/rockin-robot-challenge/at_work_central_factory_hub/tree/rockin/rockin/tools},

  Bdsk-url-1               = {https://github.com/rockin-robot-challenge/at_work_central_factory_hub/tree/rockin/rockin/tools}
}

@Electronic{rockin:CFHMessages,
  Title                    = {{Central Factory Hub Messages}},
  Author                   = {{The RoCKIn Project}},
  Organization             = {The RoCKIn Project (FP7-ICT-601012 grant agreement number 601012)},
  Url                      = {https://github.com/rockin-robot-challenge/at\_work\_central\_factory\_hub/tree/rockin/rockin/msgs},

  Bdsk-url-1               = {https://github.com/rockin-robot-challenge/at\_work\_central\_factory\_hub/tree/rockin/rockin/msgs}
}

@Electronic{rockin:RoCKInWebSite,
  Title                    = {{RoCKIn -- Robot Competitions Kick Innovation in Cognitive Systems and Robotics}},
  Author                   = {{RoCKIn Project}},
  Organization             = {The RoCKIn Project (FP7-ICT-601012 grant agreement number 601012)},
  Url                      = {http://www.rockinrobotchallenge.eu/},

  Bdsk-url-1               = {http://www.rockinrobotchallenge.eu/}
}

@TechReport{rockin:D-2.1.1:2014nutshell,
  Title                    = {{RoCKIn@Home -- A Competition for Domestic Service Robots -- RoCKIn@Home in a Nutshell}},
  Author                   = {Sven Schneider and Gerhard Kraetzschmar (editors) and Aamir Ahmad and Francesco Amigoni and Iman Awaad and Jakob Berghofer and Rainer Bischoff and Andrea Bonarini and Rhama Dwiputra and Fredrik Hegger and Nico Hochgeschwender and Luca Iocchi and Gerhard Kraetzschmar and Pedro Lima and Matteo Matteucci and Daniele Nardi and Sven Schneider},
  Institution              = {Bonn-Rhein-Sieg University of Applied Sciences},
  Year                     = {2014},

  Address                  = {Sankt Augustin, Germany},
  Month                    = {March},
  Type                     = {Deliverable D-2.1.1 nutshell (public), The RoCKIn Project (FP7-ICT-601012 grant agreement number 601012)},

  Date-added               = {2014-03-26 21:46:33 +0000},
  Date-modified            = {2014-03-26 21:47:24 +0000}
}

@TechReport{rockin:D-2.1.1:2014rulebook,
  Title                    = {{RoCKIn@Home -- A Competition for Domestic Service Robots -- RoCKIn@Home Rule Book}},
  Author                   = {Sven Schneider and Gerhard Kraetzschmar (editors) and Aamir Ahmad and Francesco Amigoni and Iman Awaad and Jakob Berghofer and Rainer Bischoff and Andrea Bonarini and Rhama Dwiputra and Fredrik Hegger and Nico Hochgeschwender and Luca Iocchi and Gerhard Kraetzschmar and Pedro Lima and Matteo Matteucci and Daniele Nardi and Sven Schneider},
  Institution              = {Bonn-Rhein-Sieg University of Applied Sciences},
  Year                     = {2014},

  Address                  = {Sankt Augustin, Germany},
  Month                    = {March},
  Type                     = {Deliverable D-2.1.1 rule book (public), The RoCKIn Project (FP7-ICT-601012 grant agreement number 601012)},

  Date-added               = {2014-03-26 21:47:31 +0000},
  Date-modified            = {2014-03-26 21:48:02 +0000}
}

@TechReport{rockin:D-2.1.1:2013,
  Title                    = {{RoCKIn@Home -- A Competition for Domestic Service Robots -- Competition Design, Rule Book, and Scenario Construction}},
  Author                   = {Sven Schneider and Gerhard Kraetzschmar (editors) and Aamir Ahmad and Francesco Amigoni and Iman Awaad and Jakob Berghofer and Rainer Bischoff and Andrea Bonarini and Rhama Dwiputra and Fredrik Hegger and Nico Hochgeschwender and Luca Iocchi and Gerhard Kraetzschmar and Pedro Lima and Matteo Matteucci and Daniele Nardi and Sven Schneider},
  Institution              = {Bonn-Rhein-Sieg University of Applied Sciences},
  Year                     = {2013},

  Address                  = {Sankt Augustin, Germany},
  Month                    = {November},
  Type                     = {Deliverable D-2.1.1 (public), The RoCKIn Project (FP7-ICT-601012 grant agreement number 601012)},

  Date-modified            = {2014-03-26 21:46:23 +0000}
}

@Electronic{rockin:yaml,
  Title                    = {{YAML data file specifications}},
  Author                   = {{The RoCKIn Project}},
  Organization             = {The RoCKIn Project (FP7-ICT-601012 grant agreement number 601012)},
  Url                      = {http://thewiki.rockinrobotchallenge.eu/images/a/af/Yaml_file_spec.pdf},

  Bdsk-url-1               = {http://thewiki.rockinrobotchallenge.eu/images/a/af/Yaml_file_spec.pdf}
}

@Electronic{rockin:wiki:2015,
  Title                    = {{The RoCKIn Wiki}},
  Url                      = {http://thewiki.rockinrobotchallenge.eu},
  Year                     = {2015}
}

