@article{CCB_AI,
  author = {Croce, Danilo and Castellucci, Giuseppe and Bastianelli, Emanuele},
  journal = {Intelligenza Artificiale},
  number = 2,
  pages = {163-176},
  title = {Structured learning for semantic role labeling.},
  volume = 6,
  year = 2012
}
